@learnr{R-learnr,
  title = {learnr: Interactive Tutorials for R},
  author = {Barret Schloerke and JJ Allaire and Barbara
    Borges},
  year = {2019},
  note = {R package version 0.10.0},
  url = {https://CRAN.R-project.org/package=learnr},
}

@blogdown{R-blogdown,
  title = {blogdown: Create Blogs and Websites with R
    Markdown},
  author = {Yihui Xie},
  year = {2019},
  note = {R package version 0.17},
  url = {https://CRAN.R-project.org/package=blogdown},
} 